%% This BibTeX bibliography file was created using BibDesk.
%% http://bibdesk.sourceforge.net/

%% Created for Benjamin Stemper at 2016-07-05 12:06:44 +0200 


%% Saved with string encoding Unicode (UTF-8) 



@article{EG06,
	Author = {Ederington, Louis H and Guan, Wei},
	Date-Added = {2016-07-05 10:05:07 +0000},
	Date-Modified = {2016-07-05 10:05:23 +0000},
	Journal = {Journal of Applied Finance},
	Number = {1},
	Title = {Measuring historical volatility},
	Volume = {16},
	Year = {2006}}

@book{QRM,
	Author = {McNeil, Alexander J and Frey, R{\"u}diger and Embrechts, Paul},
	Publisher = {Princeton university press},
	Title = {Quantitative risk management: Concepts, techniques and tools},
	Year = {2005}}

@book{G03,
	Author = {Glasserman, Paul},
	Publisher = {Springer Science \& Business Media},
	Title = {Monte Carlo methods in financial engineering},
	Volume = {53},
	Year = {2003}}
